<?xml version="1.0" encoding="UTF-8"?><collection xmlns="http://www.loc.gov/MARC21/slim"><record><leader>00663nam--2200193-i-4500</leader><controlfield tag="001">000007493</controlfield><controlfield tag="002">20161230</controlfield><controlfield tag="005">20170221161039</controlfield><controlfield tag="008">060222s1000------------r-----000-0-fre-d</controlfield><datafield ind1=" " ind2=" " tag="040"><subfield code="a">IFIN-HH</subfield></datafield><datafield ind1=" " ind2=" " tag="041"><subfield code="a">fre</subfield></datafield><datafield ind1=" " ind2=" " tag="080"><subfield code="a">530.1</subfield></datafield><datafield ind1="1" ind2=" " tag="100"><subfield code="a">Destouches, Jean-Louis</subfield></datafield><datafield ind1="1" ind2="0" tag="245"><subfield code="a">Theorie physique et recherche previsionnelle</subfield><subfield code="b">Actes du i-er colloque international du centre de recherches previsionnelles de l ecole centrale des arts et manufactures</subfield><subfield code="c">J.L. Destouches (organiser)</subfield></datafield><datafield ind1=" " ind2=" " tag="260"><subfield code="a">Paris</subfield><subfield code="b">Gauthier-villars</subfield><subfield code="c">1964</subfield></datafield><datafield ind1=" " ind2=" " tag="300"><subfield code="a">180 p</subfield></datafield><datafield ind1=" " ind2=" " tag="490"><subfield code="a">Les Grandes Problemes Des Sciences</subfield><subfield code="v">No. 14</subfield></datafield><datafield ind1=" " ind2=" " tag="852"><subfield code="a">22752</subfield><subfield code="c">519.283</subfield></datafield><datafield ind1=" " ind2=" " tag="CAT"><subfield code="a">SYS</subfield><subfield code="c">20170221</subfield><subfield code="h">161039</subfield></datafield></record></collection>